@book{belbruno,
   title =     {Capture Dynamics and Chaotic Motions in Celestial Mechanics: With Applications to the Construction of Low Energy Transfers},
   author =    {Edward Belbruno},
   publisher = {Princeton University Press},
   isbn =      {0691094802,9780691094809},
   year =      {2004},
   series =    {},
   edition =   {},
   volume =    {},
   url =       {http://gen.lib.rus.ec/book/index.php?md5=E8968B5371321B1F6FB29A5B44A8D114}
   }